@article{Spyrou2017,
  author    = {Loukianos Spyrou and
               Javier Escudero},
  title     = {Weighted network estimation by the use of topological graph metrics},
  journal   = {CoRR},
  volume    = {abs/1705.00892},
  year      = {2017},
  url       = {http://arxiv.org/abs/1705.00892},
  archivePrefix = {arXiv},
  eprint    = {1705.00892},
  timestamp = {Wed, 07 Jun 2017 14:41:03 +0200},
  biburl    = {https://dblp.org/rec/bib/journals/corr/SpyrouE17},
  bibsource = {dblp computer science bibliography, https://dblp.org}
}